@article{Universal_Turing_Machine-AFP,
  author  = {Jian Xu and Xingyuan Zhang and Christian Urban and Sebastiaan J. C. Joosten and Franz Regensburger},
  title   = {Universal Turing Machine},
  journal = {Archive of Formal Proofs},
  month   = {February},
  year    = {2019},
  note    = {\url{https://isa-afp.org/entries/Universal_Turing_Machine.html},
             Formal proof development},
  ISSN    = {2150-914x},
}

@article{Turing1937,
    author = {Turing, A. M.},
    title = {On Computable Numbers, with an Application to the Entscheidungsproblem},
    journal = {Proceedings of the London Mathematical Society},
    volume = {s2-42},
    number = {1},
    pages = {230-265},
    year = {1937},
    month = {01},
    issn = {0024-6115},
    doi = {10.1112/plms/s2-42.1.230},
    url = {https://doi.org/10.1112/plms/s2-42.1.230},
    eprint = {https://academic.oup.com/plms/article-pdf/s2-42/1/230/4317544/s2-42-1-230.pdf},
}

@inbook{Shannon1956,
  url = {https://doi.org/10.1515/9781400882618-007},
  title = {A Universal Turing Machine with Two Internal States},
  booktitle = {Automata Studies},
  author = {Claude E. Shannon},
  publisher = {Princeton University Press},
  address = {Princeton},
  pages = {157--166},
  doi = {doi:10.1515/9781400882618-007},
  isbn = {9781400882618},
  year = {1956},
  lastchecked = {2025-01-06}
}

@article{Copeland1997,
  title={The church-turing thesis},
  author={Copeland, B Jack},
  year={1997}
}

@book{Nipkow2014,
  author={Tobias Nipkow and Gerwin Klein},
  title={Concrete Semantics with Isabelle/HOL},
  publisher="Springer",
  year=2014,
  note={\url{http://concrete-semantics.org}}
}
